@manual{V105,
organization = {TU Dortmund, Fakultät Physik},
title = {Anleitung zum Versuch V105: Das Magnetische Moment},
year = 2022
}
@manual{V302,
  organization = {TU Dortmund, Fakultät Physik},
  title = {Anleitung zum Versuch V302: Brückenschaltungen},
  year = 2014
}
@manual{V353,
  organization = {TU Dortmund, Fakultät Physik},
  title = {Anleitung zum Versuch V353: Das Relaxationsverhalten eines RC-Kreises},
  year = 2014
}
@manual{V354,
  organization = {TU Dortmund, Fakultät Physik},
  title = {Anleitung zum Versuch V354: Gedämpfte und erzwungene Schwingungen},
  year = 2015
}
